
@misc{SHIP-proposal,
	title = {Proposal to Search for Heavy Neutral Leptons at the {SPS}},
	XXXurl = {http://arxiv.org/abs/1310.1762},
	abstract = {A new fixed-target experiment at the {CERN} {SPS} accelerator is proposed that will use decays of charm mesons to search for Heavy Neutral Leptons ({HNLs}), which are right-handed partners of the Standard Model neutrinos. The existence of such particles is strongly motivated by theory, as they can simultaneously explain the baryon asymmetry of the Universe, account for the pattern of neutrino masses and oscillations and provide a Dark Matter candidate. Cosmological constraints on the properties of {HNLs} now indicate that the majority of the interesting parameter space for such particles was beyond the reach of the previous searches at the {PS}191, {BEBC}, {CHARM}, {CCFR} and {NuTeV} experiments. For {HNLs} with mass below 2 {GeV}, the proposed experiment will improve on the sensitivity of previous searches by four orders of magnitude and will cover a major fraction of the parameter space favoured by theoretical models. The experiment requires a 400 {GeV} proton beam from the {SPS} with a total of 2x10{\textasciicircum}20 protons on target, achievable within five years of data taking. The proposed detector will reconstruct exclusive {HNL} decays and measure the {HNL} mass. The apparatus is based on existing technologies and consists of a target, a hadron absorber, a muon shield, a decay volume and two magnetic spectrometers, each of which has a 0.5 Tm magnet, a calorimeter and a muon detector. The detector has a total length of about 100 m with a 5 m diameter. The complete experimental set-up could be accommodated in {CERN}'s North Area. The discovery of a {HNL} would have a great impact on our understanding of nature and open a new area for future research.},
	XXXjournaltitle = {{arXiv}:1310.1762 [hep-ex, physics:hep-ph]},
	author = {Bonivento, W. and Boyarsky, A. and Dijkstra, H. and Egede, U. and Ferro-Luzzi, M. and Goddard, B. and Golutvin, A. and Gorbunov, D. and Jacobsson, R. and Panman, J. and Patel, M. and Ruchayskiy, O. and Ruf, T. and Serra, N. and Shaposhnikov, M. and Treille, D.},
	XXXurldate = {2021-09-19},
	date = {2013-10-07},
	langid = {english},
	eprinttype = {arxiv},
	eprint = {1310.1762},
	keywords = {High Energy Physics - Phenomenology, High Energy Physics - Experiment},
	file = {Bonivento et al. - 2013 - Proposal to Search for Heavy Neutral Leptons at th.pdf:D\:\\Eigene_Dateien\\Zotero\\storage\\MJZRVPJ5\\Bonivento et al. - 2013 - Proposal to Search for Heavy Neutral Leptons at th.pdf:application/pdf}
}

@misc{SHIP-technical,
	title={A facility to Search for Hidden Particles (SHiP) at the CERN SPS}, 
	author={SHiP Collaboration and M. Anelli and S. Aoki and G. Arduini and J. J. Back and A. Bagulya and W. Baldini and A. Baranov and G. J. Barker and S. Barsuk and M. Battistin and J. Bauche and A. Bay and V. Bayliss and L. Bellagamba and G. Bencivenni and M. Bertani and O. Bezshyyko and D. Bick and N. Bingefors and A. Blondel and M. Bogomilov and A. Boyarsky and D. Bonacorsi and D. Bondarenko and W. Bonivento and J. Borburgh and T. Bradshaw and R. Brenner and D. Breton and N. Brook and M. Bruschi and A. Buonaura and S. Buontempo and S. Cadeddu and A. Calcaterra and M. Calviani and M. Campanelli and C. Capoccia and A. Cecchetti and A. Chatterjee and J. Chauveau and A. Chepurnov and M. Chernyavskiy and P. Ciambrone and C. Cicalo and G. Conti and K. Cornelis and M. Courthold and M. G. Dallavalle and N. D'Ambrosio and G. De Lellis and M. De Serio and L. Dedenko and A. Di Crescenzo and N. Di Marco and C. Dib and J. Dietrich and H. Dijkstra and D. Domenici and S. Donskov and D. Druzhkin and J. Ebert and U. Egede and A. Egorov and V. Egorychev and M. A. El Alaoui and T. Enik and A. Etenko and F. Fabbri and L. Fabbri and G. Fedorova and G. Felici and M. Ferro-Luzzi and R. A. Fini and M. Franke and M. Fraser and G. Galati and B. Giacobbe and B. Goddard and L. Golinka-Bezshyyko and D. Golubkov and A. Golutvin and D. Gorbunov and E. Graverini and J-L Grenard and A. M. Guler and C. Hagner and H. Hakobyan and J. C. Helo and E. van Herwijnen and D. Horvath and M. Iacovacci and G. Iaselli and R. Jacobsson and I. Kadenko and M. Kamiscioglu and C. Kamiscioglu and G. Khaustov and A. Khotjansev and B. Kilminster and V. Kim and N. Kitagawa and K. Kodama and A. Kolesnikov and D. Kolev and M. Komatsu and N. Konovalova and S. Koretskiy and I. Korolko and A. Korzenev and S. Kovalenko and Y. Kudenko and E. Kuznetsova and H. Lacker and A. Lai and G. Lanfranchi and A. Lauria and H. Lebbolo and J. -M. Levy and L. Lista and P. Loverre and A. Lukiashin and V. E. Lyubovitskij and A. Malinin and M. Manfredi and A. Perillo-Marcone and A. Marrone and R. Matev and E. N. Messomo and P. Mermod and S. Mikado and Yu. Mikhaylov and J. Miller and D. Milstead and O. Mineev and R. Mingazheva and G. Mitselmakher and M. Miyanishi and P. Monacelli and A. Montanari and M. C. Montesi and G. Morello and K. Morishima and S. Movtchan and V. Murzin and N. Naganawa and T. Naka and M. Nakamura and T. Nakano and N. Nurakhov and B. Obinyakov and K. Ocalan and S. Ogawa and V. Oreshkin and A. Orlov and J. Osborne and P. Pacholek and J. Panman and A. Paoloni and L. Paparella and A. Pastore and M. Patel and K. Petridis and M. Petrushin and M. Poli-Lener and N. Polukhina and V. Polyakov and M. Prokudin and G. Puddu and F. Pupilli and F. Rademakers and A. Rakai and T. Rawlings and F. Redi and S. Ricciardi and R. Rinaldesi and T. Roganova and A. Rogozhnikov and H. Rokujo and A. Romaniouk and G. Rosa and I. Rostovtseva and T. Rovelli and O. Ruchayskiy and T. Ruf and G. Saitta and V. Samoylenko and V. Samsonov and A. Sanz Ull and A. Saputi and O. Sato and W. Schmidt-Parzefall and N. Serra and S. Sgobba and M. Shaposhnikov and P. Shatalov and A. Shaykhiev and L. Shchutska and V. Shevchenko and H. Shibuya and Y. Shitov and S. Silverstein and S. Simone and M. Skorokhvatov and S. Smirnov and E. Solodko and V. Sosnovtsev and R. Spighi and M. Spinetti and N. Starkov and B. Storaci and C. Strabel and P. Strolin and S. Takahashi and P. Teterin and V. Tioukov and D. Tommasini and D. Treille and R. Tsenov and T. Tshchedrina and A. Ustyuzhanin and F. Vannucci and V. Venturi and M. Villa and Heinz Vincke and Helmut Vincke and M. Vladymyrov and S. Xella and M. Yalvac and N. Yershov and D. Yilmaz and A. U. Yilmazer and G. Vankova-Kirilova and Y. Zaitsev and A. Zoccoli},
	year={2015},
	eprint={1504.04956},
	archivePrefix={arXiv},
	XXXprimaryClass={physics.ins-det}
}