
@incollection{SPECTRAL-SEMICONDUCTOR,
	title = {Spectral Properties of Semiconductor Photodiodes},
	isbn = {978-953-307-163-3},
	XXXurl = {http://www.intechopen.com/books/advances-in-photodiodes/spectral-properties-of-semiconductor-photodiodes},
	booktitle = {Advances in Photodiodes},
	publisher = {{InTech}},
	author = {Saito, Terubumi},
	editor = {Dalla Betta, Gian-Franco},
	XXXurldate = {2021-09-19},
	date = {2011-03-22},
	langid = {english},
	doi = {10.5772/15300},
	file = {Saito - 2011 - Spectral Properties of Semiconductor Photodiodes.pdf:D\:\\Eigene_Dateien\\Zotero\\storage\\EYK2XSF8\\Saito - 2011 - Spectral Properties of Semiconductor Photodiodes.pdf:application/pdf}
}