
@book{ZINTH,
	location = {M端nchen},
	edition = {3., verb. Aufl},
	title = {Optik: Lichtstrahlen - Wellen - Photonen},
	isbn = {978-3-486-70534-8},
	shorttitle = {Optik},
	publisher = {Oldenbourg},
	author = {Zinth, Wolfgang and Aum端ller, Ursula},
	date = {2011},
	langid = {german},
	file = {Zinth and Aum端ller - 2011 - Optik Lichtstrahlen - Wellen - Photonen.pdf:D\:\\Eigene_Dateien\\Zotero\\storage\\4JTSAMNY\\Zinth and Aum端ller - 2011 - Optik Lichtstrahlen - Wellen - Photonen.pdf:application/pdf}
}